%Bog uden sidetal
@book{"Label",
  author = {},
  title = {},
  booktitle = {},
  publisher = {},
  language = {},
  year = {},
  isbn = {},
  url = {}
}
  
%bog med sidetal
@InBook{"Label",
  author = {},
  title = {},
  booktitle = {},
  publisher = {},
  language = {},
  year = {},
  isbn = {},
  pages = {} }%den/de brugte sider i referencen
  
%Internetside
@Webpage{"Label",
  title		= {},
  address  	= {},
  publisher	= {},
  type		    = {},
  year		    = {},
  lastchecked	= {},
  url		    = {}
}

@book{"Projekt_introduktion",
   author = {AAU},
   title = {\textit{Matematik-økonomi uddannelsen 3.semester efterår 2020 Projekt introduktion}},
   booktitle = {Matematik-økonomi uddannelsen 3.semester efterår 2020 Projekt introduktion},
   publisher = {Aalborg Universitet},
   language = {Dansk},
   year = {12. august 2020}
}

@book{hoel1986introduction,
  title={Introduction to stochastic processes},
  author={Hoel, Paul G and Port, Sidney C and Stone, Charles J},
  year={1986},
  publisher={Waveland Press}
}

@book{kaas2008modern,
  title={Modern actuarial risk theory: using R},
  author={Kaas, Rob and Goovaerts, Marc and Dhaene, Jan and Denuit, Michel},
  volume={128},
  year={2008},
  publisher={Springer Science \& Business Media}
}

%Kannan, D. (1979). An Introduction to Stochastic Processes. North Holland series in probability and applied mathematics. North Holland.
%
@techreport{kannan1979introduction,
  title={An introduction to stochastic processes},
  author={Kannan, Dhandapani},
  year={1979}
} %??? Måske forkert?

@book{karlin2014first,
  title={A first course in stochastic processes},
  author={Karlin, Samuel},
  year={2014},
  publisher={Academic press}
}

@book{norris1998markov,
  title={Markov chains},
  author={Norris, James R and Norris, James Robert},
  number={2},
  year={1998},
  publisher={Cambridge university press}
}

%Puterman, M. (2014). Markov Decision Processes: Discrete Stochastic Dynamic Programming. Wiley Series in Probability and Statistics. Wiley.
%??????

 @book{"Markov_decision_process",
   author = {Puterman, Martin L.},
   title = {\textit{Markov Decision Processes: Discrete Stochastic Dynamic Programming}},
   booktitle = {Markov Decision Processes: Discrete Stochastic Dynamic Programming},
   publisher = {John Wiley and Sons, inc.},
   language = {Engelsk},
   year = {2005}
 }

@book{tijms2003first,
  title={A first course in stochastic models},
  author={Tijms, Henk C},
  year={2003},
  publisher={John Wiley and sons}
}

@techreport{carroll2001theory,
  title={A theory of the consumption function, with and without liquidity constraints (expanded version)},
  author={Carroll, Christopher D},
  year={2001},
  institution={National Bureau of Economic Research}
}

@techreport{carroll2004theoretical,
  title={Theoretical foundations of buffer stock saving},
  author={Carroll, Christopher},
  year={2004},
  institution={National Bureau of Economic Research}
}

@techreport{deaton1989saving,
  title={Saving and liquidity constraints},
  author={Deaton, Angus},
  year={1989},
  institution={national bureau of economic research}
}

@book{romer2012advanced,
  title={Advanced macroeconomics},
  author={Romer, David},
  year={2012},
  publisher={McGraw Hill}
}

@book{olofsson2005probability,
  title={Probability, statistics, and stochastic processes},
  author={Olofsson, Peter and Andersson, Mikael},
  number={04; QA274, O4.},
  year={2005},
  publisher={Wiley Online Library}
}

@book{oxford,
  title={Probability: an introduction},
  author={Grimmett, Geoffrey and Welsh, Dominic},
  year={2014},
  publisher={Oxford University Press}
}

@book{"ETP",
   author = {Ebbe Thue Poulsen},
   title = {\textit{Funktioner af en og flere variable}},
   booktitle = {Funktioner af en og flere variable},
   publisher = {Institut for Matematik Aarhus Universitet},
   language = {dansk},
   year = {2016},
   isbn = {2900000231672},
   url = {}
}

@book{"james",
 Author = {J. R. Norris},
 title = {Markov Chains (Cambridge Series in Statistical and Probabilistic Mathematics)},
 description = {Markov Chains (Cambridge Series in Statistical and Probabilistic Mathematics) (Book, 1998)},
 publisher = {Cambridge University Press},
 interhash = {52515fd5578158fb53935aaf2dd8ffc5},
 intrahash = {8d1f8babbc2be7d70273296ce3bb7958},
 year = {1998},
 month = {jul},
 isbn = {0521633966},
 url = {https://www.xarg.org/ref/a/0521633966/}
}

@Webpage{"wiki",
  title		= {Kæderegel},
  address  	= {},
  publisher	= {Wikipedia},
  type		    = {Hjemmeside},
  lastchecked	= {13 maj 2021},
  month = {April},
  year = {2021},
  url		    = {https://en.wikipedia.org/wiki/Chain_rule_(probability)}
}

@book{"investeringsproblem",
   author = {Toke Christian Zinn},
   title = {\textit{Markov Beslutnings Processor}},
   booktitle = {Markov Beslutnings Processer},
   publisher = {Institut for Matematik Aalborg Universitet},
   language = {dansk},
   year = {2021},
   isbn = {2900000231672},
   url = {}
}